%
% Notes on Mathematics
% John Peloquin
%
% Bibliography
%

% Algebra
@book{axler97,
	title = "{Linear Algebra Done Right}",
	author = "Axler, Sheldon",
	publisher = "Springer",
	year = "1997",
	edition = "2nd"
}
@book{friedberg03,
	title = "{Linear Algebra}",
	author = "Friedberg, Stephen H. and Insel, Arnold J. and Spence, Lawrence E.",
	publisher = "Prentice Hall",
	year = "2003",
	edition = "4th"
}
@book{dummit03,
	title = "{Abstract Algebra}",
	author = "Dummit, David S. and Foote, Richard M.",
	publisher = "Wiley",
	year = "2003",
	edition = "3rd"
}
% Analysis
@book{rudin76,
	title = "{Principles of Mathematical Analysis}",
	author = "Rudin, Walter",
	publisher = "McGraw Hill",
	year = "1976",
	edition = "3rd"
}
@book{brown04,
	title = "{Complex Variables and Applications}",
	author = "Brown, James W. and Churchill, Ruel V.",
	publisher = "McGraw Hill",
	year = "2004",
	edition = "7th"
}
@book{sarason94,
	title = "{Notes on Complex Function Theory}",
	author = "Sarason, Donald",
	publisher = "Helson",
	year = "1994"
}
% Foundations
@book{ebbing94,
	title = "{Mathematical Logic}",
	author = "Ebbinghaus, H.-D. and Flum, J. and Thomas, W.",
	publisher = "Springer",
	year = "1994",
	edition = "2nd"
}
@book{cutland80,
	title = "{Computability: An introduction to recursive function theory}",
	author = "Cutland, N. J.",
	publisher = "Cambridge",
	year = "1980"
}
@book{enderton77,
	title = "{Elements of Set Theory}",
	author = "Enderton, Herbert B.",
	publisher = "Academic Press",
	year = "1977"
}
